@book{noguchi,
	title = {Analytic Function Theory of Several Variables},
	author = {Noguchi, Junjiro},
},

@book{eisenbud,
	title = {Commutative Algebra: with a View Toward Algebraic Geometry},
	author = {Eisenbud, David},
},
